<record><leader>00000cas a22000007a 4500</leader><controlfield tag="001">30000808</controlfield><controlfield tag="008">940322c19919999tnuwr n       0    0eng d</controlfield><datafield ind1=" " ind2=" " tag="010"><subfield code="a">sn2001062121</subfield></datafield><datafield ind1=" " ind2=" " tag="040"><subfield code="a">TKN</subfield><subfield code="b">eng</subfield><subfield code="c">TKN</subfield><subfield code="d">OCL</subfield><subfield code="d">TGN</subfield><subfield code="d">OCLCQ</subfield><subfield code="d">OCLCO</subfield></datafield><datafield ind1=" " ind2=" " tag="037"><subfield code="b">Metro Pulse, 602 S. Gay Street, Knoxville, TN 37902</subfield></datafield><datafield ind1=" " ind2=" " tag="042"><subfield code="a">msc</subfield></datafield><datafield ind1=" " ind2=" " tag="043"><subfield code="a">n-us-tn</subfield></datafield><datafield ind1=" " ind2=" " tag="090"><subfield code="a">F444.K7</subfield><subfield code="b">M45</subfield></datafield><datafield ind1="0" ind2=" " tag="130"><subfield code="a">MetroPulse (Knoxville, Tenn.)</subfield></datafield><datafield ind1="1" ind2="0" tag="245"><subfield code="a">MetroPulse.</subfield></datafield><datafield ind1="3" ind2="0" tag="246"><subfield code="a">Metro pulse</subfield></datafield><datafield ind1=" " ind2=" " tag="260"><subfield code="a">Knoxville, Tenn. :</subfield><subfield code="b">MetroPulse Publications,</subfield><subfield code="c">1991-</subfield></datafield><datafield ind1=" " ind2=" " tag="300"><subfield code="a">v. :</subfield><subfield code="b">ill. ;</subfield><subfield code="c">28-37 cm.</subfield></datafield><datafield ind1=" " ind2=" " tag="310"><subfield code="a">Weekly,</subfield><subfield code="b">1992-</subfield></datafield><datafield ind1=" " ind2=" " tag="321"><subfield code="a">Biweekly</subfield></datafield><datafield ind1=" " ind2=" " tag="321"><subfield code="a">Bimonthly</subfield></datafield><datafield ind1="0" ind2=" " tag="362"><subfield code="a">Vol. 1, no. 1 (Aug. 19, 1991)-</subfield></datafield><datafield ind1=" " ind2=" " tag="500"><subfield code="a">"Knoxville's weekly voice."</subfield></datafield><datafield ind1=" " ind2=" " tag="500"><subfield code="a">Editor; 1991- Rand Pearson.</subfield></datafield><datafield ind1=" " ind2="0" tag="651"><subfield code="a">Knoxville (Tenn.)</subfield><subfield code="v">Newspapers.</subfield></datafield><datafield ind1=" " ind2="0" tag="651"><subfield code="a">Knox County (Ten.)</subfield><subfield code="v">Newspapers.</subfield></datafield><datafield ind1=" " ind2=" " tag="752"><subfield code="a">United States</subfield><subfield code="b">Tennessee</subfield><subfield code="c">Knox</subfield><subfield code="d">Knoxville.</subfield></datafield><datafield ind1="4" ind2="1" tag="856"><subfield code="u">http://metropulse.com</subfield></datafield></record>